<record><leader>00000cas a2200000 a 4500</leader><controlfield tag="001">10554485</controlfield><controlfield tag="008">840323d18691878nbuwr ne      0    0eng d</controlfield><datafield ind1=" " ind2=" " tag="010"><subfield code="a">sn 84022732 </subfield></datafield><datafield ind1=" " ind2=" " tag="040"><subfield code="a">NPX</subfield><subfield code="b">eng</subfield><subfield code="c">NPX</subfield><subfield code="d">NPU</subfield><subfield code="d">MQN</subfield><subfield code="d">MGN</subfield><subfield code="d">NVG</subfield><subfield code="d">OCL</subfield><subfield code="d">OCLCQ</subfield><subfield code="d">CRL</subfield><subfield code="d">OCLCQ</subfield><subfield code="d">OCLCF</subfield></datafield><datafield ind1=" " ind2=" " tag="042"><subfield code="a">msc</subfield></datafield><datafield ind1=" " ind2=" " tag="043"><subfield code="a">n-us-nb</subfield></datafield><datafield ind1="0" ind2=" " tag="130"><subfield code="a">Nebraska state journal (Lincoln, Neb.)</subfield></datafield><datafield ind1="1" ind2="0" tag="245"><subfield code="a">Nebraska state journal.</subfield></datafield><datafield ind1="1" ind2="3" tag="246"><subfield code="a">State journal</subfield></datafield><datafield ind1="1" ind2="3" tag="246"><subfield code="a">Weekly state journal</subfield><subfield code="f">Apr. 6, 1877-May 3, 1878</subfield></datafield><datafield ind1=" " ind2=" " tag="260"><subfield code="a">Lincoln, Neb. :</subfield><subfield code="b">Gere &amp; Carder,</subfield><subfield code="c">1869-1878.</subfield></datafield><datafield ind1=" " ind2=" " tag="300"><subfield code="a">10 v. ;</subfield><subfield code="c">74 cm.</subfield></datafield><datafield ind1=" " ind2=" " tag="310"><subfield code="a">Weekly</subfield></datafield><datafield ind1="0" ind2=" " tag="362"><subfield code="a">Vol. 2, no. 25 (May 22, 1869)-v. 11, no. 21 (May 3, 1878).</subfield></datafield><datafield ind1=" " ind2=" " tag="515"><subfield code="a">Issues for &lt;Jan. 2, 1874&gt;-May 3, 1878 also called whole no. &lt;315&gt;-541.</subfield></datafield><datafield ind1=" " ind2=" " tag="580"><subfield code="a">Daily eds.: Daily Nebraska state journal (Lincoln, Neb.), 1870; Daily state journal (Lincoln, Neb.), 1870-1878; Daily Nebraska state journal, 1878.</subfield></datafield><datafield ind1=" " ind2="0" tag="651"><subfield code="a">Lincoln (Neb.)</subfield><subfield code="v">Newspapers.</subfield></datafield><datafield ind1=" " ind2="7" tag="655"><subfield code="a">Newspapers.</subfield><subfield code="2">fast</subfield><subfield code="0">(OCoLC)fst01423814</subfield></datafield><datafield ind1=" " ind2="7" tag="651"><subfield code="a">Nebraska</subfield><subfield code="z">Lincoln.</subfield><subfield code="2">fast</subfield><subfield code="0">(OCoLC)fst01208321</subfield></datafield><datafield ind1=" " ind2=" " tag="752"><subfield code="a">United States</subfield><subfield code="b">Nebraska</subfield><subfield code="c">Lancaster</subfield><subfield code="d">Lincoln.</subfield></datafield><datafield ind1="1" ind2=" " tag="775"><subfield code="t">Daily Nebraska state journal (Lincoln, Neb.)</subfield></datafield><datafield ind1="1" ind2=" " tag="775"><subfield code="t">Daily state journal (Lincoln, Neb.)</subfield><subfield code="w">(DLC)sn 84022731</subfield></datafield><datafield ind1="1" ind2=" " tag="775"><subfield code="t">Daily Nebraska state journal</subfield><subfield code="w">(DLC)sn 84020257</subfield></datafield><datafield ind1="0" ind2="0" tag="780"><subfield code="t">Nebraska commonwealth</subfield><subfield code="w">(DLC)sn 95069843</subfield><subfield code="w">(OCoLC)32705356</subfield></datafield><datafield ind1="0" ind2="0" tag="785"><subfield code="t">Weekly Nebraska state journal</subfield><subfield code="w">(DLC)sn 84020245</subfield></datafield></record>